<record><leader>00000cas a22000007a 4500</leader><controlfield tag="001">26509630</controlfield><controlfield tag="008">920831c18929999ncuwr ne      0   a0eng d</controlfield><datafield ind1=" " ind2=" " tag="010"><subfield code="a">sn 92073180 </subfield></datafield><datafield ind1=" " ind2=" " tag="040"><subfield code="a">NVJ</subfield><subfield code="b">eng</subfield><subfield code="c">NVJ</subfield><subfield code="d">NSD</subfield><subfield code="d">NVJ</subfield><subfield code="d">OCLCQ</subfield></datafield><datafield ind1=" " ind2=" " tag="012"><subfield code="m">1</subfield></datafield><datafield ind1="1" ind2=" " tag="022"><subfield code="a">1067-1781</subfield><subfield code="l">1067-1781</subfield><subfield code="2">1</subfield></datafield><datafield ind1=" " ind2=" " tag="032"><subfield code="a">694920</subfield><subfield code="b">USPS</subfield></datafield><datafield ind1=" " ind2=" " tag="037"><subfield code="b">The Yadkin Ripple, 115 Jackson St., Yadkin N.C. 27055</subfield></datafield><datafield ind1=" " ind2=" " tag="042"><subfield code="a">msc</subfield><subfield code="a">nsdp</subfield></datafield><datafield ind1=" " ind2="4" tag="222"><subfield code="a">The Yadkin ripple</subfield></datafield><datafield ind1="0" ind2="4" tag="245"><subfield code="a">The Yadkin ripple.</subfield></datafield><datafield ind1=" " ind2=" " tag="260"><subfield code="a">East Bend, Yadkin County, N.C. :</subfield><subfield code="b">L.H. Huff and Middlesome Mattie</subfield></datafield><datafield ind1=" " ind2=" " tag="300"><subfield code="a">v.</subfield></datafield><datafield ind1=" " ind2=" " tag="310"><subfield code="a">Weekly</subfield></datafield><datafield ind1="1" ind2=" " tag="362"><subfield code="a">Began in 1892.</subfield></datafield><datafield ind1=" " ind2=" " tag="500"><subfield code="a">Published in Yadkinville, N.C., &lt;June 24, 1896-Nov. 26, 1992&gt;.</subfield></datafield><datafield ind1=" " ind2=" " tag="588"><subfield code="a">Description based on: Vol. 1, no. 10 (Jan. 4, 1892 [i.e. 1893]).</subfield></datafield><datafield ind1=" " ind2=" " tag="588"><subfield code="a">Latest issue consulted: 101st year, no. 4 (Nov. 26, 1992).</subfield></datafield><datafield ind1=" " ind2=" " tag="752"><subfield code="a">United States</subfield><subfield code="b">North Carolina</subfield><subfield code="c">Yadkin</subfield><subfield code="d">Yadkinville.</subfield></datafield><datafield ind1=" " ind2=" " tag="752"><subfield code="a">United States</subfield><subfield code="b">North Carolina</subfield><subfield code="c">Yadkin</subfield><subfield code="d">East Bend.</subfield></datafield><datafield ind1="1" ind2=" " tag="029"><subfield code="a">AU@</subfield><subfield code="b">000045484290</subfield></datafield></record>